@article{doi:10.1021/ed079p1094,
    author = {Kippeny, T. and Swafford, L. A. and Rosenthal, S. J.},
    title = {Semiconductor Nanocrystals: A Powerful Visual Aid for Introducing the Particle in a Box},
    journal = {Journal of Chemical Education},
    volume = {79},
    number = {9},
    pages = {1094},
    year = {2002},
    doi = {10.1021/ed079p1094},
    URL = { 
        https://doi.org/10.1021/ed079p1094
    },
    eprint = { 
        https://doi.org/10.1021/ed079p1094
    }
}

@book{kvantna_ramšak,
  author         = {A. Ramšak},
  publisher      = {Ljubljana : Založba Univerze},
  title          = {Kvantna mehanika},
  year           = {2021}
}

@book{abramowitz1965handbook,
  title={Handbook of Mathematical Functions: With Formulas, Graphs, and Mathematical Tables},
  author={Abramowitz, M. and Stegun, I. A.},
  series={Applied mathematics series},
  year={1965},
  publisher={Dover Publications}
}

@online{glenn_rowe,
    author = {G. Rowe},
    title = {Infinite square well - 2 particle systems},
    note = {Spletna stran: \url{https://physicspages.com/pdf/Quantum%20mechanics/Infinite%20square%20well%20-%202%20particle%20systems.pdf}, ogled: 23.2.2024}
}

@article{doi:10.1021/j100403a003,
    author = {Brus, L.},
    title = {Electronic wave functions in semiconductor clusters: experiment and theory},
    journal = {The Journal of Physical Chemistry},
    volume = {90},
    number = {12},
    pages = {2555-2560},
    year = {1986},
    doi = {10.1021/j100403a003},
    URL = { 
        https://doi.org/10.1021/j100403a003
    },
    eprint = { 
        https://doi.org/10.1021/j100403a003
    }
}

@online{nobel,
    author = "Nobel Prize Outreach AB 2024",
    title = "Advanced information",
    note = "Spletna stran: \url{https://www.nobelprize.org/prizes/chemistry/2023/advanced-information/}, ogled: 23.2.2024",
}

@online{nobel2,
    author = "Nobel Prize Outreach AB 2024",
    title = "Popular information",
    note = "Spletna stran: \url{https://www.nobelprize.org/prizes/chemistry/2023/popular-information/}, ogled: 24.2.2024",
}

@article{LEYRONAS2001631,
    title = {Quantum wells, wires and dots with finite barrier: analytical expressions for the bound states},
    journal = {Solid State Communications},
    volume = {119},
    number = {10},
    pages = {631-635},
    year = {2001},
    doi = {https://doi.org/10.1016/S0038-1098(01)00288-5},
    url = {https://www.sciencedirect.com/science/article/pii/S0038109801002885},
    author = {X. Leyronas and M. Combescot},
}

@article{Ferreira_2017,
   title={Size-dependent bandgap and particle size distribution of colloidal semiconductor nanocrystals},
   volume={147},
   ISSN={1089-7690},
   url={http://dx.doi.org/10.1063/1.4999093},
   DOI={10.1063/1.4999093},
   number={15},
   journal={The Journal of Chemical Physics},
   publisher={AIP Publishing},
   author={Ferreira, D. L. and Sousa, J. C. L. and Maronesi, R. N. and Bettini, J. and Schiavon, M. A. and Teixeira, A. V. N. C. and Silva, A. G.},
   year={2017}, 
}

@article{https://doi.org/10.1002/anie.202004857,
    author = {Shu, Y. and Lin, X. and Qin, H. and Hu, Z. and Jin, Y. and Peng, X.},
    title = {Quantum Dots for Display Applications},
    journal = {Angewandte Chemie International Edition},
    volume = {59},
    number = {50},
    pages = {22312-22323},
    doi = {https://doi.org/10.1002/anie.202004857},
    url = {https://onlinelibrary.wiley.com/doi/abs/10.1002/anie.202004857},
    eprint = {https://onlinelibrary.wiley.com/doi/pdf/10.1002/anie.202004857},
    year = {2020}
}

@article{NOZIK2002115,
    title = {Quantum dot solar cells},
    journal = {Physica E: Low-dimensional Systems and Nanostructures},
    volume = {14},
    number = {1},
    pages = {115-120},
    year = {2002},
    issn = {1386-9477},
    doi = {https://doi.org/10.1016/S1386-9477(02)00374-0},
    url = {https://www.sciencedirect.com/science/article/pii/S1386947702003740},
    author = {A. J. Nozik}
}

@online{sinovoltaics,
    title = {Quantum dot solar cell},
    author = {Sinovoltaics},
    note = {Spletna stran: \url{https://sinovoltaics.com/learning-center/solar-cells/quantum-dot-solar-cell/}, ogled: 26.2.2024}
}

@article{doi:10.1021/acsnano.1c01399,
    author = {Efros, A. L. and Brus, L. E.},
    title = {Nanocrystal Quantum Dots: From Discovery to Modern Development},
    journal = {ACS Nano},
    volume = {15},
    number = {4},
    pages = {6192-6210},
    year = {2021},
    doi = {10.1021/acsnano.1c01399},
    URL = { 
        https://doi.org/10.1021/acsnano.1c01399
    },
    eprint = { 
        https://doi.org/10.1021/acsnano.1c01399
    }
}

@article{doi:10.1021/acs.chemrev.2c00695,
    author = {Jang, E. and Jang, H.},
    title = {Review: Quantum Dot Light-Emitting Diodes},
    journal = {Chemical Reviews},
    volume = {123},
    number = {8},
    pages = {4663-4692},
    year = {2023},
    doi = {10.1021/acs.chemrev.2c00695},
    URL = { 
        https://doi.org/10.1021/acs.chemrev.2c00695
    },
    eprint = { 
        https://doi.org/10.1021/acs.chemrev.2c00695
    }
}

@article{doi:10.1126/science.281.5385.2013,
    author = {M. Bruchez  and M. Moronne  and P. Gin  and S. Weiss  and A. P. Alivisatos },
    title = {Semiconductor Nanocrystals as Fluorescent Biological Labels},
    journal = {Science},
    volume = {281},
    number = {5385},
    pages = {2013-2016},
    year = {1998},
    doi = {10.1126/science.281.5385.2013},
    URL = {https://www.science.org/doi/abs/10.1126/science.281.5385.2013},
    eprint = {https://www.science.org/doi/pdf/10.1126/science.281.5385.2013},
}

@article{doi:10.1021/jz400052e,
    author = {Kamat, P. V.},
    title = {Quantum Dot Solar Cells. The Next Big Thing in Photovoltaics},
    journal = {The Journal of Physical Chemistry Letters},
    volume = {4},
    number = {6},
    pages = {908-918},
    year = {2013},
    doi = {10.1021/jz400052e},
    URL = { 
        https://doi.org/10.1021/jz400052e
    },
    eprint = { 
        https://doi.org/10.1021/jz400052e
    }
}

@article{PhysRevA.57.120,
    title = {Quantum computation with quantum dots},
    author = {Loss, D. and DiVincenzo, D. P.},
    journal = {Phys. Rev. A},
    volume = {57},
    issue = {1},
    pages = {120--126},
    numpages = {0},
    year = {1998},
    month = {1},
    publisher = {American Physical Society},
    doi = {10.1103/PhysRevA.57.120},
    url = {https://link.aps.org/doi/10.1103/PhysRevA.57.120}
}

@article{laser,
    author          = {Park, Y. and Roh, J. and Diroll, B. T. and Schaller, R. D. and Klimov, V. I.},
    journal         = {Nature Reviews Materials},
    title           = {Colloidal quantum dot lasers},
    volume          = {6},
    year            = {2021},
    url             = {https://doi.org/10.1038/s41578-020-00274-9},
    pages           = {382--401}
}

@online{market,
    author = "MarketsandMarkets",
    title = "Quantum Dot Market Size, Share, Statistics and Industry Growth Report",
    note = "Spletna stran: \url{https://www.marketsandmarkets.com/Market-Reports/quantum-dots-qd-market-694.html}, ogled: 5.3.2024",
}

@online{basic,
    author = "Quantum Solutions",
    title = "Quantum dots",
    note = "Spletna stran: \url{https://quantum-solutions.com/blog/quantum-dots/}, ogled: 5.3.2024",
}